@article{carlton,
  title={Pedigrees, Prizes, and Prisoners: The Misuse of
Conditional Probability},
  author={Matthew Carlton},
  journal={Journal of Statistics Education},
  volume={13},
  number={2},
  year={2005},
  note={\url{https://doi.org/10.1080/10691898.2005.11910554}},
}

@book{pwsa,
  author={Frederick Mosteller and Robert E. K. Rourke and George B. Thomas Jr.},
  title={Probability With Statistical Applications},
  publisher={Addison-Wesley},
  year={1961},
}

@book{bsda,
  author={Frederick Mosteller and Stephen E. Fienberg and Robert E. K. Rourke},
  title={Beginning Statistics with Data Analysis},
  publisher={Addison-Wesley},
  year={1983},
}

@article{gse,
  author={David S. Moore},
  title={A Generation of Statistics Education: An Interview with {Frederick Mosteller}},
  journal={Journal of Statistics Education},
  volume=1,
  number=1,
  year={1993},
  note={\url{https://www.tandfonline.com/doi/pdf/10.1080/10691898.1993.11910453}},
}

@book{fifty,
  author={Frederick Mosteller},
  title={Fifty Challenging Problems in Probability with Solutions},
  publisher={Dover},
  year={1965},
}

@book{ross,
  author={Sheldon Ross},
  title={A First Course in Probability (Tenth Edition)},
  publisher={Pearson},
  year={2019},
}

@article{birthday,
  author={Frederick Mosteller},
  title={Understanding the birthday problem},
  journal={The Mathematics Teacher},
  volume=55,
  number=5,
  year={1962},
  pages={322--325},
}

@article{gilbert,
  author={John P. Gilbert and Frederick Mosteller},
  title={Recognizing the maximum of a sequence},
  journal={Journal of the American Statistical Association},
  volume=61,
  number=313,
  year={1966},
  pages={35--73},
}

@book{proofs,
  author={Martin Aigner and G\"{u}nter M. Ziegler},
  title={Proofs from {THE BOOK} (Fifth Edition)},
  publisher={Springer},
  year={2014},
}
@misc{wiki-buffon,
    author = "{Wikipedia}",
    title = "Buffon's needle problem",
}

@misc{stack-rods,
    title = {Average Distance Between Random Points on a Line Segment},
    author = {Markus C. Mayer},
    howpublished = {Mathematics Stack Exchange},
    note = {\url{https://math.stackexchange.com/q/1540015}},
}

@misc{montgomery,
    title = {Mosteller's solutions to random-walk problems},
    author = {Aaron M. Montgomery},
    howpublished = {Mathematics Stack Exchange},
    note = {\url{https://math.stackexchange.com/q/4460054}},
}

@misc{louigi,
    title = {When do {3D} random walks return to their origin?},
    author = {Louigi Addario-Berry},
    howpublished = {MathOverflow},
    note = {\url{https://mathoverflow.net/q/45174}},
}

@misc{wiki:cauchy,
    author = "{Wikipedia}",
    title = "Cauchy condensation test",
}

